<?xml version="1.0" encoding="UTF-8"?><collection xmlns="http://www.loc.gov/MARC21/slim"><record><leader>00460nam--2200169-i-4500</leader><controlfield tag="001">000042491</controlfield><controlfield tag="002">20161230</controlfield><controlfield tag="005">20170101235838</controlfield><controlfield tag="008">060222s1000------------r-----000-0-eng-d</controlfield><datafield ind1=" " ind2=" " tag="080"><subfield code="a">514.82:530.12/14</subfield></datafield><datafield ind1="1" ind2=" " tag="100"><subfield code="a">Trautman, A</subfield></datafield><datafield ind1="1" ind2="0" tag="245"><subfield code="a">Spinors in physics and geometry Trieste, 11-13 September 1986</subfield></datafield><datafield ind1=" " ind2=" " tag="260"><subfield code="a">Singapore</subfield><subfield code="b">World Scientific</subfield><subfield code="c">1988</subfield></datafield><datafield ind1=" " ind2=" " tag="300"><subfield code="a">X + 345 P</subfield></datafield><datafield ind1=" " ind2=" " tag="700"><subfield code="a">Furlan, George</subfield></datafield><datafield ind1=" " ind2=" " tag="852"><subfield code="a">79517</subfield><subfield code="c">513</subfield></datafield><datafield ind1=" " ind2=" " tag="CAT"><subfield code="a">SYS</subfield><subfield code="c">20170101</subfield><subfield code="h">235838</subfield></datafield></record></collection>